@book {AB08,
    AUTHOR = {P. Abramenko and K. S. Brown},
     TITLE = {Buildings},
    SERIES = {Graduate Texts in Mathematics},
    VOLUME = {248},
      NOTE = {Theory and applications},
 PUBLISHER = {Springer, New York},
      YEAR = {2008},
     PAGES = {xxii+747},
      ISBN = {978-0-387-78834-0},
       URL = {https://doi.org/10.1007/978-0-387-78835-7},
}

@book {ASS06,
    author = {I. Assem and D. Simson and A. Skowronski},
    publisher = {Cambridge University Press},
    title = {Elements of the Representation Theory of Associative Algebras, Vol. I},
    year = {2006},
}

@article {BFZ05,
    author = {A. Berenstein and S. Fomin and A. Zelevinsky},
    journal = {Duke Math. J.},
    number = {1},
    pages = {1--52},
    title = {Cluster algebras. {III}. {U}pper bounds and double {B}ruhat cells},
    volume = {126},
    year = {2005},
}

@article {BZ01,
    author = {A. Berenstein and A. Zelevinsky},
    journal = {Invent. Math.},
    number = {1},
    pages = {77--128},
    title = {Tensor product multiplicities, canonical bases and totally positive varieties},
    volume = {143},
    year = {2001},
}

@article {BZ14,
    author = {A. Berenstein and A. Zelevinsky},
    journal = {Int. Math. Res. Not. IMRN},
    number = {6},
    pages = {1651--1688},
    title = {Triangular bases in quantum cluster algebras},
    year = {2014},
}

@article {BGP73,
    author = {I. N. Bernstein and  I. M. Gel'fand and V. A. Ponomarev},
    journal = {Uspechi Mat. Nauk},
    pages = {19--33},
    title = {Coxeter functors and {G}abriel's theorem},
    volume = {28},
    year = {1973},
}

@book {Bou02,
    author = {N. Bourbaki},
    note = {Translated from the 1968 French original by A. Pressley},
    pages = {xii+300},
    publisher = {Springer-Verlag, Berlin},
    series = {Elements of Mathematics (Berlin)},
    title = {Lie groups and {L}ie algebras. {C}hapters 4--6},
    year = {2002},
}

@article {BB76,
    author = {S. Brenner and M. C. R. Butler},
    journal = {J. London Math. Soc.},
    pages = {183--187},
    title = {The equivalence of certain functors occurring in the representation theory of Artin algebras and species},
    volume = {14},
    year = {1976},
}

    author = {A. B. Buan and R. Marsh and M. Reineke and I. Reiten and G. Todorov},
    journal = {Adv. Math.},
    number = {2},
    pages = {572--618},
    title = {Tilting theory and cluster combinatorics},
    volume = {204},
    year = {2006},
}

@article {CC06,
    author = {P. Caldero and F. Chapoton},
    journal = {Comment. Math. Helv.},
    number = {3},
    pages = {595--616},
    title = {Cluster algebras as {H}all algebras of quiver representations},
    volume = {81},
    year = {2006},
}

@article {CK06,
    author = {P. Caldero and B. Keller},
    journal = {Ann. Sci. \'Ecole Norm. Sup. (4)},
    number = {6},
    pages = {983--1009},
    title = {From triangulated categories to cluster algebras. {II} },
    volume = {39},
    year = {2006},
}

@article {CK08,
    author = {P. Caldero and B. Keller},
    title = {From triangulated categories to cluster algebras},
    journal = {Invent. Math.},
    volume = {172},
    year = {2008},
    number = {1},
    pages = {169--211},
}

@article {CZ06,
    author = {P. Caldero and A. Zelevinsky},
    title = {Laurent expansions in cluster algebras via quiver representations},
    journal = {Mosc. Math. J.},
    volume = {6},
    number = {3},
    year = {2006},
    pages = {411--429},
}

@article {CI11,
    author = {G. {Cerulli Irelli}},
    journal = {J. Algebraic Combin.},
    number = {2},
    pages = {259--276},
    title = {Quiver {G}rassmannians associated with string modules},
    volume = {33},
    year = {2011},
}

@article {CI12,
    author = {G. {Cerulli Irelli}},
    title = {Cluster algebras of type ${A}_2^{(1)}$},
    journal = {Algebr. Represent. Theory},
    volume = {15},
    year = {2012},
    number = {5},
    pages = {977--1021},
}

@article {CILS15,
    AUTHOR = {Cerulli Irelli, Giovanni and Labardini-Fragoso, Daniel and
              Schr\"{o}er, Jan},
     TITLE = {Caldero-{C}hapoton algebras},
   JOURNAL = {Trans. Amer. Math. Soc.},
  FJOURNAL = {Transactions of the American Mathematical Society},
    VOLUME = {367},
      YEAR = {2015},
    NUMBER = {4},
     PAGES = {2787--2822},
      ISSN = {0002-9947},
   MRCLASS = {13F60 (16G10 16G20)},
  MRNUMBER = {3301882},
MRREVIEWER = {Xueqing Chen},
       DOI = {10.1090/S0002-9947-2014-06175-8},
       URL = {https://doi.org/10.1090/S0002-9947-2014-06175-8},
}

@article {Cha86,
    author = {V. Chari},
    journal = {Invent. Math.},
    pages = {317--335},
    title = {Integrable representations of affine {L}ie algebras},
    volume = {85},
    year = {1986},
}

@article {CP86,
    author = {V. Chari and A. Pressley},
    journal = {Math. Ann.},
    pages = {87--104},
    title = {New Unitary Representations of Loop Groups},
    volume = {275},
    year = {1986},
}

@article {CP88,
    author = {V. Chari and A. Pressley},
    title = {Integrable representations of twisted affine {L}ie algebras},
    journal = {J. Algebra},
    volume = {113},
    year = {1988},
    number = {2},
    pages = {438--464},
}

@article {CP01,
    AUTHOR = {V. Chari and A. Pressley},
     TITLE = {Weyl modules for classical and quantum affine algebras},
   JOURNAL = {Represent. Theory},
  FJOURNAL = {Representation Theory. An Electronic Journal of the American
              Mathematical Society},
    VOLUME = {5},
      YEAR = {2001},
     PAGES = {191--223},
      ISSN = {1088-4165},
       URL = {https://doi.org/10.1090/S1088-4165-01-00115-7},
}

@article {CGMMRSW17,
    AUTHOR = {M. W. Cheung and M. Gross and G. Muller and G. Musiker and D.
	      Rupel and S. Stella and H. Williams},
     TITLE = {The greedy basis equals the theta basis: a rank two haiku},
   JOURNAL = {J. Combin. Theory Ser. A},
  FJOURNAL = {Journal of Combinatorial Theory. Series A},
    VOLUME = {145},
      YEAR = {2017},
     PAGES = {150--171},
      ISSN = {0097-3165},
       URL = {https://doi.org/10.1016/j.jcta.2016.08.004},
}

@article {CB92,
    author = {W. Crawley-Boevey},
    title = {Lectures on Quiver Representations},
    year = {1992},
}

@article {DWZ10,
    author = {H. Derksen and J. Weyman and A. Zelevinsky},
    journal = {J. Amer. Math. Soc.},
    number = {3},
    pages = {749--790},
    title = {Quivers with potentials and their representations {II}: applications to cluster algebras},
    volume = {23},
    year = {2010},
}

@article {Dup12,
    author = {G. Dupont},
    journal = {Int. Math. Res. Not.},
    number = {2},
    pages = {360--393},
    title = {Generic Cluster Characters},
    year = {2012},
}

@article {DT13,
    author = {G. Dupont and H. Thomas},
    title = {Atomic bases of cluster algebras of types ${A}$ and $\widetilde {A}$},
    journal = {Proc. Lond. Math. Soc.},
    volume = {107},
    year = {2013},
    number = {4},
    pages = {825--850},
}

@article {FM14,
    author = {V. Fock and A. Marshakov},
    journal = {arXiv math.AG/1401.1606},
    pages = {1--58},
    title = {Loop groups, clusters, dimers and integrable systems},
    year = {2014},
}

@article {FZ02,
    author = {S. Fomin and A. Zelevinsky},
    journal = {J. Amer. Math. Soc.},
    number = {2},
    pages = {497--529},
    title = {Cluster algebras. {I}. {F}oundations},
    volume = {15},
    year = {2002},
}

@article {FZ07,
    author = {S. Fomin and A. Zelevinsky},
    journal = {Compos. Math.},
    number = {1},
    pages = {112--164},
    title = {Cluster algebras. {IV}. {C}oefficients},
    volume = {143},
    year = {2007},
}

@article {GHKK18,
    AUTHOR = {Gross, Mark and Hacking, Paul and Keel, Sean and Kontsevich,
              Maxim},
     TITLE = {Canonical bases for cluster algebras},
   JOURNAL = {J. Amer. Math. Soc.},
  FJOURNAL = {Journal of the American Mathematical Society},
    VOLUME = {31},
      YEAR = {2018},
    NUMBER = {2},
     PAGES = {497--608},
      ISSN = {0894-0347},
       DOI = {10.1090/jams/890},
}

@article {GLS11,
    author = {C. Gei{\ss} and B. Leclerc and J. Schr{\"o}er},
    journal = {Adv. Math.},
    number = {1},
    pages = {329--433},
    title = {Kac-{M}oody groups and cluster algebras},
    volume = {228},
    year = {2011},
}

@article {GLS13,
    author = {C. Gei{\ss} and B. Leclerc and J. Schr{\"o}er},
    journal = {Transform. Groups},
    number = {1},
    pages = {149--178},
    title = {Cluster algebras in algebraic {L}ie theory},
    volume = {18},
    year = {2013},
}

@article {GSV12,
    author = {M. Gekhtman and M. Shapiro and A. Vainshtein},
    journal = {J. Eur. Math. Soc. (JEMS)},
    number = {2},
    pages = {541--570},
    title = {Poisson geometry of directed networks in an annulus},
    volume = {14},
    year = {2012},
}

@book {Kac90,
    author = {V. Kac},
    title = {Infinite-dimensional {L}ie algebras},
    edition = {Third},
    publisher = {Cambridge University Press, Cambridge},
    year = {1990},
    pages = {xxii+400},
}
	
@incollection {KP83,
    author = {V. Kac and D. Peterson},
    booktitle = {Arithmetic and Geometry},
    pages = {141--166},
    publisher = {Birkh\"auser, Boston, MA},
    series = {Progr. Math.},
    title = {Regular Functions on Certain Infinite-dimensional Groups},
    volume = {II},
    year = {1983},
}


@article {Kas94,
    author = {M. Kashiwara},
     title = {Crystal bases of modified quantized enveloping algebra},
   JOURNAL = {Duke Math. J.},
  FJOURNAL = {Duke Mathematical Journal},
    VOLUME = {73},
      YEAR = {1994},
    NUMBER = {2},
     PAGES = {383--413}
}

@book {Kum02,
    author = {S. Kumar},
    publisher = {Birkh\"auser, Boston, MA},
    series = {Progr. Math.},
    title = {Kac-Moody groups, their flag varieties, and representation theory},
    volume = {204},
    year = {2002},
}

@article {LLZ14,
    author = {K. Lee and L. Li and A. Zelevinsky},
    title = {Greedy elements in rank 2 cluster algebras}, 
    journal = {Selecta Math.},
    volume = {20},
    year = {2014},
    pages = {57--82}
}

@article {Lus00,
    author = {G. Lusztig},
    title = {Semicanonical bases arising from enveloping algebras},
    journal = {Adv. Math.},
    volume = {151},
    pages = {129--139},
    year = {2000},
    number = {2}
}

@article {MSW13,
    author = {G. Musiker and R. Schiffler and L. Williams},
    title = {Bases for cluster algebras from surfaces},
    journal = {Compos. Math.},
    volume = {149},
    year = {2013},
    number = {2},
    pages = {217--263},
}

@incollection {NZ12,
    author = {T. Nakanishi and A. Zelevinsky},
    booktitle = {Algebraic groups and quantum groups},
    pages = {217--226},
    publisher = {Amer. Math. Soc., Providence, RI},
    series = {Contemp. Math.},
    title = {On tropical dualities in cluster algebras},
    volume = {565},
    year = {2012},
}

@article {Pal12,
    AUTHOR = {Palu, Y.},
     TITLE = {Cluster characters {II}: a multiplication formula},
   JOURNAL = {Proc. Lond. Math. Soc. (3)},
  FJOURNAL = {Proceedings of the London Mathematical Society. Third Series},
    VOLUME = {104},
      YEAR = {2012},
    NUMBER = {1},
     PAGES = {57--78}
}

@article {Rea07,
    AUTHOR = {N. Reading},
     TITLE = {Clusters, {C}oxeter-sortable elements and noncrossing
              partitions},
   JOURNAL = {Trans. Amer. Math. Soc.},
  FJOURNAL = {Transactions of the American Mathematical Society},
    VOLUME = {359},
      YEAR = {2007},
    NUMBER = {12},
     PAGES = {5931--5958},
      ISSN = {0002-9947},
     CODEN = {TAMTAM},
       DOI = {10.1090/S0002-9947-07-04319-X},
       URL = {http://dx.doi.org/10.1090/S0002-9947-07-04319-X},
}

@article {Rea14,
    AUTHOR = {N. Reading},
     TITLE = {Universal geometric cluster algebras},
   JOURNAL = {Math. Z.},
    VOLUME = {277},
      YEAR = {2014},
    NUMBER = {1-2},
     PAGES = {499--547},
}

@article {RS11,
    AUTHOR = {Reading, N. and Speyer, D. E.},
     TITLE = {Sortable elements in infinite {C}oxeter groups},
   JOURNAL = {Trans. Amer. Math. Soc.},
  FJOURNAL = {Transactions of the American Mathematical Society},
    VOLUME = {363},
      YEAR = {2011},
    NUMBER = {2},
     PAGES = {699--761},
      ISSN = {0002-9947},
       DOI = {10.1090/S0002-9947-2010-05050-0},
       URL = {http://dx.doi.org/10.1090/S0002-9947-2010-05050-0},
}

@ARTICLE {RS15,
    AUTHOR = {N. Reading and D. E Speyer},
     TITLE = {Cambrian frameworks for cluster algebras of affine type},
   JOURNAL = {Trans. Amer. Math. Soc.},
  FJOURNAL = {Transactions of the American Mathematical Society},
    VOLUME = {370},
      YEAR = {2018},
    NUMBER = {2},
     PAGES = {1429--1468},
      ISSN = {0002-9947},
       URL = {https://doi.org/10.1090/tran/7193},
}

@article {RS16,
    AUTHOR = {N. Reading and D. E Speyer},
     TITLE = {Combinatorial frameworks for cluster algebras},
      YEAR = {2016},
    NUMBER = {1},
     PAGES = {109--173},
      ISSN = {1073-7928},
       DOI = {10.1093/imrn/rnv101},
       URL = {http://dx.doi.org/10.1093/imrn/rnv101},
}

@ARTICLE{RS17,
   author = {{Reading}, N. and {Stella}, S.},
    title = "{An affine almost positive roots model}",
  journal = {arXiv math.CO/1707.00340},
archivePrefix = "arXiv",
   eprint = {1707.00340},
 primaryClass = "math.CO",
 keywords = {Mathematics - Combinatorics, Mathematics - Rings and Algebras, Mathematics - Representation Theory, 13F60},
     year = 2017,
    month = jul,
}

@book {Rin84,
    author = {C. M. Ringel},
    publisher = {Springer-Verlag, Berlin},
    series = {Lecture Notes in Mathematics (Berlin)},
    title = {Tame Algebras and Integral Quadratic Forms},
    year = {1984},
}

@inproceedings {Rin98,
    author = {C. M. Ringel},
    booktitle = {Proceedings of the {S}ixth {C}onference of the {I}nternational {L}inear {A}lgebra {S}ociety ({C}hemnitz, 1996)},
    journal = {Linear Algebra Appl.},
    pages = {471--493},
    title = {Exceptional modules are tree modules},
    volume = {275/276},
    year = {1998},
}

@article {Rup11,
    author = {D. Rupel},
    journal = {Int. Math. Res. Not.},
    number = {14},
    pages = {3207--3236},
    title = {On a quantum analogue of the {C}aldero-{C}hapoton formula},
    year = {2011},
}

@article {Rup15,
    author = {D. Rupel},
    journal = {Trans. Amer. Math. Soc.},
    pages = {7061--7102},
    title = {Quantum cluster characters for valued quivers},
    volume = {367},
    year = {2015},
}

@article {RuSt17,
   author = {D .Rupel and S. Stella},
    title = "{Some consequences of categorification}",
  journal = {arXiv math.RA/1712.08478},
archivePrefix = "arXiv",
   eprint = {1712.08478},
 primaryClass = "math.RA",
 keywords = {Mathematics - Rings and Algebras, Mathematics - Quantum Algebra, Mathematics - Representation Theory},
     year = 2017,
    month = dec,
   adsurl = {http://adsabs.harvard.edu/abs/2017arXiv171208478R},
  adsnote = {Provided by the SAO/NASA Astrophysics Data System}
}

@article {RSW16,
    author = {D. Rupel and S. Stella and H. Williams},
    journal = {arXiv math.RT/1606.03440},
    title = {On generalized minors and quiver representations},
    year = {2016},
}

@article {SZ04,
    author = {P. Sherman and A. Zelevinsky},
    title = {Positivity and canonical bases in rank 2 cluster algebras of finite and affine types},
    journal = {Mosc. Math. J.},
    volume = {4},
    number = {4},
    year = {2004},
    pages = {947--974},
}

@article {Spe09,
    author = {D. E Speyer},
    journal = {Proc. Amer. Math. Soc.},
    number = {4},
    pages = {1295--1302},
    title = {Powers of {C}oxeter elements in infinite groups are reduced},
    volume = {137},
    year = {2009},
}

@article {Wil13a,
    author = {H. Williams},
    journal = {Adv. Math.},
    pages = {1--40},
    title = {Cluster ensembles and {K}ac-{M}oody groups},
    volume = {247},
    year = {2013},
}

@article {Wil13b,
    AUTHOR = {H. Williams},
     TITLE = {Double {B}ruhat cells in {K}ac-{M}oody groups and integrable
              systems},
   JOURNAL = {Lett. Math. Phys.},
  FJOURNAL = {Letters in Mathematical Physics},
    VOLUME = {103},
      YEAR = {2013},
    NUMBER = {4},
     PAGES = {389--419},
      ISSN = {0377-9017},
       DOI = {10.1007/s11005-012-0604-3},
       URL = {http://dx.doi.org/10.1007/s11005-012-0604-3},
}

@article {YZ08,
    author = {S.-W. Yang and A. Zelevinsky},
    journal = {Transform. Groups},
    number = {3-4},
    pages = {855--895},
    title = {Cluster algebras of finite type via {C}oxeter elements and principal minors},
    volume = {13},
    year = {2008},
}

@ARTICLE{Rup13,
   author = {{Rupel}, D.},
    title = "{Greedy bases in rank 2 generalized cluster algebras}",
  journal = {arXiv math.RA/1309.2567},
archivePrefix = "arXiv",
   eprint = {1309.2567},
 primaryClass = "math.RA",
 keywords = {Mathematics - Rings and Algebras, Mathematics - Combinatorics, 13F60},
     year = 2013,
    month = sep,
   adsurl = {http://adsabs.harvard.edu/abs/2013arXiv1309.2567R},
  adsnote = {Provided by the SAO/NASA Astrophysics Data System}
}

@article {T14,
    AUTHOR = {D. P. Thurston},
     TITLE = {Positive basis for surface skein algebras},
   JOURNAL = {Proc. Natl. Acad. Sci. USA},
  FJOURNAL = {Proceedings of the National Academy of Sciences of the United
              States of America},
    VOLUME = {111},
      YEAR = {2014},
    NUMBER = {27},
     PAGES = {9725--9732},
      ISSN = {1091-6490},
       URL = {https://doi.org/10.1073/pnas.1313070111},
}

@article {NS14,
    AUTHOR = {T. Nakanishi and S. Stella},
     TITLE = {Diagrammatic description of {$c$}-vectors and {$d$}-vectors of
              cluster algebras of finite type},
   JOURNAL = {Electron. J. Combin.},
  FJOURNAL = {Electronic Journal of Combinatorics},
    VOLUME = {21},
      YEAR = {2014},
    NUMBER = {1},
     PAGES = {Paper 1.3, 107},
      ISSN = {1077-8926},
}

@article {Dup11,
    AUTHOR = {G. Dupont},
     TITLE = {Generic variables in acyclic cluster algebras},
   JOURNAL = {J. Pure Appl. Algebra},
  FJOURNAL = {Journal of Pure and Applied Algebra},
    VOLUME = {215},
      YEAR = {2011},
    NUMBER = {4},
     PAGES = {628--641},
      ISSN = {0022-4049},
       URL = {https://doi.org/10.1016/j.jpaa.2010.06.012},
}

@article {Pla13,
    AUTHOR = {P.-G. Plamondon},
     TITLE = {Generic bases for cluster algebras from the cluster category},
   JOURNAL = {Int. Math. Res. Not. IMRN},
      YEAR = {2013},
    NUMBER = {10},
     PAGES = {2368--2420},
      ISSN = {1073-7928},
       URL = {https://doi.org/10.1093/imrn/rns102},
}
		
@article {CIE11,
    AUTHOR = {G. {Cerulli Irelli} and F. Esposito},
     TITLE = {Geometry of quiver {G}rassmannians of {K}ronecker type and
              applications to cluster algebras},
   JOURNAL = {Algebra Number Theory},
  FJOURNAL = {Algebra \& Number Theory},
    VOLUME = {5},
      YEAR = {2011},
    NUMBER = {6},
     PAGES = {777--801},
      ISSN = {1937-0652},
       URL = {https://doi.org/10.2140/ant.2011.5.777},
}

@article {Dem10,
    AUTHOR = {L. Demonet},
     TITLE = {Mutations of group species with potentials and their representations. Applications to cluster algebras.},
      YEAR = {2010},
   JOURNAL = {arXiv math.RT/1003.5078},
}


@article {DWZ08,
    AUTHOR = {H. Derksen and J. Weyman and A. Zelevinsky},
     TITLE = {Quivers with potentials and their representations. {I}.
              {M}utations},
   JOURNAL = {Selecta Math. (N.S.)},
  FJOURNAL = {Selecta Mathematica. New Series},
    VOLUME = {14},
      YEAR = {2008},
    NUMBER = {1},
     PAGES = {59--119},
      ISSN = {1022-1824},
       URL = {https://doi.org/10.1007/s00029-008-0057-9},
}

@article {DWZ10,
    AUTHOR = {H. Derksen and J. Weyman and A. Zelevinsky},
     TITLE = {Quivers with potentials and their representations {II}:
              applications to cluster algebras},
   JOURNAL = {J. Amer. Math. Soc.},
  FJOURNAL = {Journal of the American Mathematical Society},
    VOLUME = {23},
      YEAR = {2010},
    NUMBER = {3},
     PAGES = {749--790},
      ISSN = {0894-0347},
       URL = {https://doi.org/10.1090/S0894-0347-10-00662-4},
}

@article {DR76,
    AUTHOR = {Dlab, V. and Ringel, C. M.},
     TITLE = {Indecomposable representations of graphs and algebras},
   JOURNAL = {Mem. Amer. Math. Soc.},
  FJOURNAL = {Memoirs of the American Mathematical Society},
    VOLUME = {6},
      YEAR = {1976},
    NUMBER = {173},
     PAGES = {v+57},
      ISSN = {0065-9266},
       URL = {https://doi.org/10.1090/memo/0173},
}

@article {Gab73,
    AUTHOR = {Gabriel, P.},
     TITLE = {Indecomposable representations. {II}},
 BOOKTITLE = {Symposia {M}athematica, {V}ol. {XI} ({C}onvegno di {A}lgebra
              {C}ommutativa, {INDAM}, {R}ome, 1971)},
     PAGES = {81--104},
 PUBLISHER = {Academic Press, London},
      YEAR = {1973},
}


@article {FZ99,
    AUTHOR = {Fomin, S. and Zelevinsky, A.},
     TITLE = {Double {B}ruhat cells and total positivity},
   JOURNAL = {J. Amer. Math. Soc.},
  FJOURNAL = {Journal of the American Mathematical Society},
    VOLUME = {12},
      YEAR = {1999},
    NUMBER = {2},
     PAGES = {335--380},
      ISSN = {0894-0347},
       URL = {https://doi.org/10.1090/S0894-0347-99-00295-7},
}

@article {CMY13,
    AUTHOR = {V. Chari and A. Moura and C. Young},
     TITLE = {Prime representations from a homological perspective},
   JOURNAL = {Math. Z.},
  FJOURNAL = {Mathematische Zeitschrift},
    VOLUME = {274},
      YEAR = {2013},
    NUMBER = {1-2},
     PAGES = {613--645},
      ISSN = {0025-5874},
       DOI = {10.1007/s00209-012-1088-7},
       URL = {https://doi.org/10.1007/s00209-012-1088-7},
}

@article{Qin19,
      title={Bases for upper cluster algebras and tropical points}, 
      author={Fan Qin},
      journal={J. Eur. Math. Soc.}, 
      year={2021},
      eprint={1902.09507},
      archivePrefix={arXiv},
      primaryClass={math.RT},
      pubstate=inpress,
      note={to appear},
}

@article {LS15,
    AUTHOR = {Lee, Kyungyong and Schiffler, Ralf},
     TITLE = {Positivity for cluster algebras},
   JOURNAL = {Ann. of Math. (2)},
  FJOURNAL = {Annals of Mathematics. Second Series},
    VOLUME = {182},
      YEAR = {2015},
    NUMBER = {1},
     PAGES = {73--125},
      ISSN = {0003-486X},
       DOI = {10.4007/annals.2015.182.1.2},
       URL = {https://doi.org/10.4007/annals.2015.182.1.2},
}

@article {RSW19,
    AUTHOR = {Rupel, Dylan and Stella, Salvatore and Williams, Harold},
     TITLE = {Affine cluster monomials are generalized minors},
   JOURNAL = {Compos. Math.},
  FJOURNAL = {Compositio Mathematica},
    VOLUME = {155},
      YEAR = {2019},
    NUMBER = {7},
     PAGES = {1301--1326},
      ISSN = {0010-437X},
       DOI = {10.1112/s0010437x19007292},
       URL = {https://doi.org/10.1112/s0010437x19007292},
}

@incollection {Tak94,
    AUTHOR = {Takane, Martha},
     TITLE = {The {C}oxeter transformations of representation infinite
              quivers},
 BOOKTITLE = {Representation theory of algebras and related topics ({M}exico
              {C}ity, 1994)},
    SERIES = {CMS Conf. Proc.},
    VOLUME = {19},
     PAGES = {349--371},
 PUBLISHER = {Amer. Math. Soc., Providence, RI},
      YEAR = {1996},
   MRCLASS = {16G20},
  MRNUMBER = {1388569},
MRREVIEWER = {Zygmunt Pogorza\l y},
}
